@article{lecun1998gradient,
  title={Gradient-based learning applied to document recognition},
  author={LeCun, Yann and Bottou, L{\'e}on and Bengio, Yoshua and Haffner, Patrick},
  journal={Proceedings of the IEEE},
  volume={86},
  number={11},
  pages={2278--2324},
  year={1998},
  publisher={IEEE}
}

@book{bruegge2004object,
  title = {Object Oriented Software Engineering Using UML, Patterns, and Java 3rd Edition},
  author = {Bruegge, Bernd and Dutoit, Allen H},
  year = {2009},
  publisher = {Prentice Hall}
}

@inproceedings{deng2009imagenet,
  title={Imagenet: A large-scale hierarchical image database},
  author={Deng, Jia and Dong, Wei and Socher, Richard and Li, Li-Jia and Li, Kai and Fei-Fei, Li},
  booktitle={Computer Vision and Pattern Recognition, 2009. CVPR 2009. IEEE Conference on},
  pages={248--255},
  year={2009},
  organization={Ieee}
}

@inproceedings{krizhevsky2012imagenet,
  title={Imagenet classification with deep convolutional neural networks},
  author={Krizhevsky, Alex and Sutskever, Ilya and Hinton, Geoffrey E},
  booktitle={Advances in neural information processing systems},
  pages={1097--1105},
  year={2012}
}

@article{kingma2014adam,
  title={Adam: A method for stochastic optimization},
  author={Kingma, Diederik P and Ba, Jimmy},
  journal={arXiv preprint arXiv:1412.6980},
  year={2014}
}

@article{simonyan2014very,
  title={Very deep convolutional networks for large-scale image recognition},
  author={Simonyan, Karen and Zisserman, Andrew},
  journal={arXiv preprint arXiv:1409.1556},
  year={2014}
}

@inproceedings{peng2015learning,
  title={Learning deep object detectors from 3d models},
  author={Peng, Xingchao and Sun, Baochen and Ali, Karim and Saenko, Kate},
  booktitle={Proceedings of the IEEE International Conference on Computer Vision},
  pages={1278--1286},
  year={2015}
}

@inproceedings{girshick2014rich,
  title={Rich feature hierarchies for accurate object detection and semantic segmentation},
  author={Girshick, Ross and Donahue, Jeff and Darrell, Trevor and Malik, Jitendra},
  booktitle={Proceedings of the IEEE conference on computer vision and pattern recognition},
  pages={580--587},
  year={2014}
}

@article{feng2014automatic,
  title={Automatic fastener classification and defect detection in vision-based railway inspection systems.},
  author={Feng, Hao and Jiang, Zhiguo and Xie, Fengying and Yang, Ping and Shi, Jun and Chen, Long},
  journal={IEEE Trans. Instrumentation and Measurement},
  volume={63},
  number={4},`
  pages={877--888},
  year={2014}
}

@inproceedings{szegedy2015going,
  title={Going deeper with convolutions},
  author={Szegedy, Christian and Liu, Wei and Jia, Yangqing and Sermanet, Pierre and Reed, Scott and Anguelov, Dragomir and Erhan, Dumitru and Vanhoucke, Vincent and Rabinovich, Andrew},
  booktitle={Proceedings of the IEEE conference on computer vision and pattern recognition},
  pages={1--9},
  year={2015}
}

@misc{chollet2015keras,
  title={Keras},
  author={Chollet, Fran\c{c}ois and others},
  year={2015},
  howpublished={\url{https://keras.io}},
}

@inproceedings{ren2015faster,
  title={Faster r-cnn: Towards real-time object detection with region proposal networks},
  author={Ren, Shaoqing and He, Kaiming and Girshick, Ross and Sun, Jian},
  booktitle={Advances in neural information processing systems},
  pages={91--99},
  year={2015}
}

@inproceedings{gibert2015robust,
  title={Robust fastener detection for autonomous visual railway track inspection},
  author={Gibert, Xavier and Patel, Vishal M and Chellappa, Rama},
  booktitle={Applications of Computer Vision (WACV), 2015 IEEE Winter Conference on},
  pages={694--701},
  year={2015},
  organization={IEEE}
}

@article{aytekin2015railway,
  title={Railway fastener inspection by real-time machine vision},
  author={Aytekin, {\c{C}}a{\u{g}}lar and Rezaeitabar, Yousef and Dogru, Sedat and Ulusoy, Ilkay},
  journal={IEEE Transactions on Systems, Man, and Cybernetics: Systems},
  volume={45},
  number={7},
  pages={1101--1107},
  year={2015},
  publisher={IEEE}
}

@inproceedings{he2016deep,
  title={Deep residual learning for image recognition},
  author={He, Kaiming and Zhang, Xiangyu and Ren, Shaoqing and Sun, Jian},
  booktitle={Proceedings of the IEEE conference on computer vision and pattern recognition},
  pages={770--778},
  year={2016}
}

@article{gibert2017deep,
  title={Deep multitask learning for railway track inspection},
  author={Gibert, Xavier and Patel, Vishal M and Chellappa, Rama},
  journal={IEEE Transactions on Intelligent Transportation Systems},
  volume={18},
  number={1},
  pages={153--164},
  year={2017},
  publisher={IEEE}
}

@article{rajpura2017object,
  title={Object detection using deep CNNs trained on synthetic images},
  author={Rajpura, Param S and Bojinov, Hristo and Hegde, Ravi S},
  journal={arXiv preprint arXiv:1706.06782},
  year={2017}
}

@inproceedings{sarkar2017trained,
  title={Trained 3D Models for CNN based Object Recognition.},
  author={Sarkar, Kripasindhu and Varanasi, Kiran and Stricker, Didier},
  booktitle={VISIGRAPP (5: VISAPP)},
  pages={130--137},
  year={2017}
}

@article{georgakis2017synthesizing,
  title={Synthesizing training data for object detection in indoor scenes},
  author={Georgakis, Georgios and Mousavian, Arsalan and Berg, Alexander C and Kosecka, Jana},
  journal={arXiv preprint arXiv:1702.07836},
  year={2017}
}

@article{goyal2017dataset,
  title={Dataset augmentation with synthetic images improves semantic segmentation},
  author={Goyal, Manik and Rajpura, Param and Bojinov, Hristo and Hegde, Ravi},
  journal={arXiv preprint arXiv:1709.00849},
  year={2017}
}

@article{bottou2018optimization,
  title={Optimization methods for large-scale machine learning},
  author={Bottou, L{\'e}on and Curtis, Frank E and Nocedal, Jorge},
  journal={SIAM Review},
  volume={60},
  number={2},
  pages={223--311},
  year={2018},
  publisher={SIAM}
}

@misc{tensorflow2015-whitepaper,
title={ {TensorFlow}: Large-Scale Machine Learning on Heterogeneous Systems},
url={https://www.tensorflow.org/},
note={Software available from tensorflow.org},
author={
    Mart\'{\i}n~Abadi and
    Ashish~Agarwal and
    Paul~Barham and
    Eugene~Brevdo and
    Zhifeng~Chen and
    Craig~Citro and
    Greg~S.~Corrado and
    Andy~Davis and
    Jeffrey~Dean and
    Matthieu~Devin and
    Sanjay~Ghemawat and
    Ian~Goodfellow and
    Andrew~Harp and
    Geoffrey~Irving and
    Michael~Isard and
    Yangqing Jia and
    Rafal~Jozefowicz and
    Lukasz~Kaiser and
    Manjunath~Kudlur and
    Josh~Levenberg and
    Dandelion~Man\'{e} and
    Rajat~Monga and
    Sherry~Moore and
    Derek~Murray and
    Chris~Olah and
    Mike~Schuster and
    Jonathon~Shlens and
    Benoit~Steiner and
    Ilya~Sutskever and
    Kunal~Talwar and
    Paul~Tucker and
    Vincent~Vanhoucke and
    Vijay~Vasudevan and
    Fernanda~Vi\'{e}gas and
    Oriol~Vinyals and
    Pete~Warden and
    Martin~Wattenberg and
    Martin~Wicke and
    Yuan~Yu and
    Xiaoqiang~Zheng},
  year={2015},
}